% Version 3.0
% In dieses File sind die Quellen einzugeben.

% Es gibt verschiedene Arten von Quellen. M"oglich sind z.B.:
% article
% book
% ... (siehe http://de.wikipedia.org/wiki/BibTeX)

% Sollten hier Eintr"age fehlen (etwa ein Autor bei einem Artikel), dann wird man beim Durchlauf von BibTeX 
% darauf aufmerksam gemacht. Leere Felder werden von BibTeX ignoriert.
% Nicht zitierte Quellen dieses Files erscheinen nicht im Dokument!

% Achtung! Sollen Gro"ssbuchstaben oder deutsche Sonderzeichen verwendet werden, dann muss der gesamte Text in einer 
% ZUS"ATZLICHEN geschweiften Klammer geschrieben werden. Siehe Beispiele unten.	

% Bei Bedarf k"onnen im File *.bbl "Anderungen vorgenommen werden.

@book{kop05,
		key						={},
		author				= {H.~Kopka},
		title					={{LaTeX, Band 1: Einf"uhrung}},
		booktitle			={},
    chapter				={},
	 	edition				={3rd},
    editor				={},
    howpublished	={},
    institution		={},
    journal				={},
    month					={},
    note					={},
    number				={},
    organization	={},
    pages					={},
    publisher			={Pearson Studium, M"unchen},
		address				={},
    school				={},
    series				={},
    type					={},
    volume				={},
    year					={2005},
}

@book{mgb+05d,
		key						={},
		author				= {F.~Mittelbach and M.~Goossens and J.~Braams and D.~Carlisle and Ch.~Rowley},
		title					={{Der LaTeX Begleiter}},
		booktitle			={},
    chapter				={},
	 	edition				={2nd},
    editor				={},
    howpublished	={},
    institution		={},
    journal				={},
    month					={},
    note					={},
    number				={},
    organization	={},
    pages					={},
    publisher			={Pearson Studium, M"unchen},
		address				={},
    school				={},
    series				={},
    type					={},
    volume				={},
    year					={2005},
}

@book{wil06,
		key						={},
		author				= {R.~Willms},
		title					={{LaTeX: F"ur Schnelleinsteiger}},
		booktitle			={},
    chapter				={},
	 	edition				={3rd},
    editor				={},
    howpublished	={},
    institution		={},
    journal				={},
    month					={},
    note					={},
    number				={},
    organization	={},
    pages					={},
    publisher			={Franzis Verlag, Poing, Deutschland},
		address				={},
    school				={},
    series				={},
    type					={},
    volume				={},
    year					={2006},
}

@book{mgb+04e,
		key						={},
		author				= {F.~Mittelbach and M.~Goossens and J.~Braams and D.~Carlisle and Ch.~Rowley},
		title					={{The LaTeX Companion}},
		booktitle			={},
    chapter				={},
	 	edition				={2nd},
    editor				={},
    howpublished	={},
    institution		={},
    journal				={},
    month					={},
    note					={},
    number				={},
    organization	={},
    pages					={},
    publisher			={Addison-Wesley Longman, Reading, Massachusetts},
		address				={},
    school				={},
    series				={},
    type					={},
    volume				={},
    year					={2004},
}

@misc{mj00,
		key						={},
		author				={M.~J"urgens},
		title					={{LaTeX -- eine Einf"uhrung und ein bi{\ss}chen mehr...}},
		booktitle			={},
    chapter				={},
	 	edition				={},
    editor				={},
    howpublished	={Skriptum},
    institution		={},
    journal				={},
    month					={},
    note					={\url{http://www.fernuni-hagen.de/zmi/katalog/A026.shtml} [Zugang am 3.6.2010]},
    number				={},
    organization	={},
    pages					={},
    publisher			={FernUni, ZMI},
		address				={},
    school				={},
    series				={},
    type					={},
    volume				={},
    year					={2000},
}

@misc{mj95,
		key						={},
		author				={M.~J"urgens},
		title					={{LaTeX -- Fortgeschrittene Anwendungen (oder: Neues von den Hobbits)}},
		booktitle			={},
    chapter				={},
	 	edition				={},
    editor				={},
    howpublished	={Skriptum},
    institution		={},
    journal				={},
    month					={},
    note					={\url{http://www.fernuni-hagen.de/zmi/katalog/A027.shtml} [Zugang am 3.6.2010]},
    number				={},
    organization	={},
    pages					={},
    publisher			={FernUni, ZMI},
		address				={},
    school				={},
    series				={},
    type					={},
    volume				={},
    year					={1995},
}




@article{gs00,
		key						={},
		author				={F.~Gesztesy and B.~Simon},
		title					={{A new approach to inverse spectral theory, {II}. General real potentials and the connection to the spectral measure}},
		booktitle			={},
    chapter				={},
	 	edition				={},
    editor				={},
    howpublished	={},
    institution		={},
    journal				={Annals of Math.},
    month					={},
    note					={},
    number				={},
    organization	={},
    pages					={593-643},
    publisher			={},
		address				={},
    school				={},
    series				={},
    type					={},
    volume				={152},
    year					={2000},
}

